@article{bornmann2015growth,
  title={Growth rates of modern science: A bibliometric analysis based on the number of publications and cited references},
  author={Bornmann, Lutz and Mutz, R{\"u}diger},
  journal={Journal of the Association for Information Science and Technology},
  volume={66},
  number={11},
  pages={2215--2222},
  year={2015},
  publisher={Wiley Online Library}
}

@article{amano2016languages,
  title={Languages are still a major barrier to global science},
  author={Amano, Tatsuya and Gonz{\'a}lez-Varo, Juan P and Sutherland, William J},
  journal={PLoS biology},
  volume={14},
  number={12},
  pages={e2000933},
  year={2016},
  publisher={Public Library of Science San Francisco, CA USA}
}

@article{baker2016reproducibility,
  title={1,500 scientists lift the lid on reproducibility},
  author={Baker, Monya},
  journal={Nature News},
  volume={533},
  number={7604},
  pages={452},
  year={2016}
}

@article{fanelli2009many,
  title={How many scientists fabricate and falsify research? A systematic review and meta-analysis of survey data},
  author={Fanelli, Daniele},
  journal={PLoS one},
  volume={4},
  number={5},
  pages={e5738},
  year={2009},
  publisher={Public Library of Science San Francisco, USA}
}

@inproceedings{ammar2018construction,
  title={Construction of the literature graph in semantic scholar},
  author={Ammar, Waleed and Groeneveld, Dirk and Bhagavatula, Chandra and Beltagy, Iz and Crawford, Miles and Downey, Doug and Dunkelberger, Jason and Elgohary, Ahmed and Feldman, Sergey and Ha, Vu and others},
  booktitle={Proceedings of the 2018 Conference of the North American Chapter of the Association for Computational Linguistics: Human Language Technologies, Volume 3 (Industry Papers)},
  pages={84--91},
  year={2018}
}

@article{thelwall2014researchgate,
  title={ResearchGate: Disseminating, communicating, and measuring scholarship?},
  author={Thelwall, Mike and Kousha, Kayvan},
  journal={Journal of the Association for Information Science and Technology},
  volume={65},
  number={4},
  pages={876--889},
  year={2014},
  publisher={Wiley Online Library}
}

@misc{iris2019,
  title={Iris.ai: AI-powered research assistant},
  author={{Iris.ai}},
  year={2019},
  howpublished={\url{https://iris.ai}},
  note={Accessed: 2024-01-15}
}

@article{beltagy2019scibert,
  title={SciBERT: A pretrained language model for scientific text},
  author={Beltagy, Iz and Lo, Kyle and Cohan, Arman},
  journal={arXiv preprint arXiv:1903.10676},
  year={2019}
}

@article{cohan2020specter,
  title={SPECTER: Document-level representation learning using citation-informed transformers},
  author={Cohan, Arman and Feldman, Sergey and Beltagy, Iz and Downey, Doug and Weld, Daniel S},
  journal={arXiv preprint arXiv:2004.07180},
  year={2020}
}

@article{sinha2015overview,
  title={An overview of microsoft academic service (mas) and applications},
  author={Sinha, Arnab and Shen, Zhihong and Song, Yang and Ma, Hao and Eide, Darrin and Hsu, Bo-June Paul and Wang, Kuansan},
  journal={Proceedings of the 24th international conference on world wide web},
  pages={243--246},
  year={2015}
}

@article{priem2022openalex,
  title={OpenAlex: A fully-open index of scholarly works, authors, venues, institutions, and concepts},
  author={Priem, Jason and Piwowar, Heather and Orr, Richard},
  journal={arXiv preprint arXiv:2205.01833},
  year={2022}
}

@article{zhang2022scientific,
  title={Scientific knowledge graph construction and application: A survey},
  author={Zhang, Ningyu and Li, Lei and Chen, Xiang and Deng, Shumin and Bi, Zhanlin and Tan, Chuanqi and Huang, Fei and Chen, Huajun},
  journal={IEEE Transactions on Knowledge and Data Engineering},
  volume={34},
  number={8},
  pages={3626--3643},
  year={2022},
  publisher={IEEE}
}

@article{grech2017blockchain,
  title={A blockchain-based system for the verification of academic credentials},
  author={Grech, Alexander and Camilleri, Anthony F},
  journal={European Commission, JRC Science for Policy Report},
  year={2017}
}

@article{tenorio2019blockchain,
  title={A blockchain-based approach for data accountability and provenance tracking},
  author={Tenorio-Forn{\'e}s, Antonio and Jacynycz, Viktor and Llop-Vila, David and S{\'a}nchez-Ruiz, Antonio A and Hassan, Samer},
  journal={arXiv preprint arXiv:1906.07226},
  year={2019}
}

@article{alzahrani2012understanding,
  title={Understanding plagiarism linguistic patterns, textual features, and detection methods},
  author={Alzahrani, Salha M and Salim, Naomie and Abraham, Ajith},
  journal={IEEE Transactions on Systems, Man, and Cybernetics, Part C (Applications and Reviews)},
  volume={42},
  number={2},
  pages={133--149},
  year={2012},
  publisher={IEEE}
}

@article{squazzoni2021peer,
  title={Peer review and editorial processes in scholarly journals: A systematic review},
  author={Squazzoni, Flaminio and Bravo, Giangiacomo and Grimaldo, Francisco and Garc{\'\i}a-Costa, Daniel and Farjam, Mike and Mehmani, Bahar},
  journal={Journal of the Association for Information Science and Technology},
  volume={72},
  number={10},
  pages={1286--1299},
  year={2021},
  publisher={Wiley Online Library}
}

@misc{overleaf2019,
  title={Overleaf: Real-time collaborative writing and publishing tools},
  author={{Overleaf}},
  year={2019},
  howpublished={\url{https://www.overleaf.com}},
  note={Accessed: 2024-01-15}
}

@misc{slack2019,
  title={Slack: Where work happens},
  author={{Slack Technologies}},
  year={2019},
  howpublished={\url{https://slack.com}},
  note={Accessed: 2024-01-15}
}

@article{radianti2020systematic,
  title={A systematic review of immersive virtual reality applications for higher education: Design elements, lessons learned, and research agenda},
  author={Radianti, Jaziar and Majchrzak, Tim A and Fromm, Jennifer and Wohlgenannt, Isabell},
  journal={Computers \& Education},
  volume={147},
  pages={103778},
  year={2020},
  publisher={Elsevier}
}

@article{vaswani2017attention,
  title={Attention is all you need},
  author={Vaswani, Ashish and Shazeer, Noam and Parmar, Niki and Uszkoreit, Jakob and Jones, Llion and Gomez, Aidan N and Kaiser, {\L}ukasz and Polosukhin, Illia},
  journal={Advances in neural information processing systems},
  volume={30},
  year={2017}
}

@article{velickovic2017graph,
  title={Graph attention networks},
  author={Veli{\v{c}}kovi{\'c}, Petar and Cucurull, Guillem and Casanova, Arantxa and Romero, Adriana and Lio, Pietro and Bengio, Yoshua},
  journal={arXiv preprint arXiv:1710.10903},
  year={2017}
}

@inproceedings{ben2014succinct,
  title={Succinct non-interactive zero knowledge for a von neumann architecture},
  author={Ben-Sasson, Eli and Chiesa, Alessandro and Genkin, Daniel and Tromer, Eran and Virza, Madars},
  booktitle={23rd USENIX Security Symposium (USENIX Security 14)},
  pages={781--796},
  year={2014}
}

@inproceedings{papineni2002bleu,
  title={BLEU: a method for automatic evaluation of machine translation},
  author={Papineni, Kishore and Roukos, Salim and Ward, Todd and Zhu, Wei-Jing},
  booktitle={Proceedings of the 40th annual meeting of the Association for Computational Linguistics},
  pages={311--318},
  year={2002}
}

@article{ellis1989concurrency,
  title={Concurrency control in groupware systems},
  author={Ellis, Clarence A and Gibbs, Simon J},
  journal={ACM SIGMOD Record},
  volume={18},
  number={2},
  pages={399--407},
  year={1989},
  publisher={ACM New York, NY, USA}
}

@article{devlin2018bert,
  title={BERT: Pre-training of Deep Bidirectional Transformers for Language Understanding},
  author={Devlin, Jacob and Chang, Ming-Wei and Lee, Kenton and Toutanova, Kristina},
  journal={arXiv preprint arXiv:1810.04805},
  year={2018}
}

@article{brown2020language,
  title={Language models are few-shot learners},
  author={Brown, Tom and Mann, Benjamin and Ryder, Nick and Subbiah, Melanie and Kaplan, Jared D and Dhariwal, Prafulla and Neelakantan, Arvind and Shyam, Pranav and Saxena, Girish and Arora, Sandhini and others},
  journal={Advances in neural information processing systems},
  volume={33},
  pages={1877--1901},
  year={2020}
}

@article{nakamoto2008bitcoin,
  title={Bitcoin: A peer-to-peer electronic cash system},
  author={Nakamoto, Satoshi},
  journal={Decentralized business review},
  pages={21260},
  year={2008}
}

@article{wood2014ethereum,
  title={Ethereum: A secure decentralised generalised transaction ledger},
  author={Wood, Gavin and others},
  journal={Ethereum project yellow paper},
  volume={151},
  number={2014},
  pages={1--32},
  year={2014}
}

@inproceedings{kipf2016semi,
  title={Semi-supervised classification with graph convolutional networks},
  author={Kipf, Thomas N and Welling, Max},
  booktitle={International Conference on Learning Representations},
  year={2016}
}

@article{hamilton2017inductive,
  title={Inductive representation learning on large graphs},
  author={Hamilton, Will and Ying, Zhitao and Leskovec, Jure},
  journal={Advances in neural information processing systems},
  volume={30},
  year={2017}
}

@article{xu2018powerful,
  title={How powerful are graph neural networks?},
  author={Xu, Keyulu and Hu, Weihua and Leskovec, Jure and Jegelka, Stefanie},
  journal={arXiv preprint arXiv:1810.00826},
  year={2018}
}

@article{chen2020simple,
  title={A simple framework for contrastive learning of visual representations},
  author={Chen, Ting and Kornblith, Simon and Norouzi, Mohammad and Hinton, Geoffrey},
  journal={International conference on machine learning},
  pages={1597--1607},
  year={2020},
  organization={PMLR}
}

@article{radford2021learning,
  title={Learning transferable visual models from natural language supervision},
  author={Radford, Alec and Kim, Jong Wook and Hallacy, Chris and Ramesh, Aditya and Goh, Gabriel and Agarwal, Sandhini and Sastry, Girish and Askell, Amanda and Mishkin, Pamela and Clark, Jack and others},
  journal={International conference on machine learning},
  pages={8748--8763},
  year={2021},
  organization={PMLR}
}

@article{dosovitskiy2020image,
  title={An image is worth 16x16 words: Transformers for image recognition at scale},
  author={Dosovitskiy, Alexey and Beyer, Lucas and Kolesnikov, Alexander and Weissenborn, Dirk and Zhai, Xiaohua and Unterthiner, Thomas and Dehghani, Mostafa and Minderer, Matthias and Heigold, Georg and Gelly, Sylvain and others},
  journal={arXiv preprint arXiv:2010.11929},
  year={2020}
}

@article{ramesh2021zero,
  title={Zero-shot text-to-image generation},
  author={Ramesh, Aditya and Pavlov, Mikhail and Goh, Gabriel and Gray, Scott and Voss, Chelsea and Radford, Alec and Chen, Mark and Sutskever, Ilya},
  journal={International Conference on Machine Learning},
  pages={8821--8831},
  year={2021},
  organization={PMLR}
}

@article{jumper2021highly,
  title={Highly accurate protein structure prediction with AlphaFold},
  author={Jumper, John and Evans, Richard and Pritzel, Alexander and Green, Tim and Figurnov, Michael and Ronneberger, Olaf and Tunyasuvunakool, Kathryn and Bates, Russ and {\v{Z}}{\'\i}dek, Augustin and Potapenko, Anna and others},
  journal={Nature},
  volume={596},
  number={7873},
  pages={583--589},
  year={2021},
  publisher={Nature Publishing Group}
}

@article{silver2016mastering,
  title={Mastering the game of Go with deep neural networks and tree search},
  author={Silver, David and Huang, Aja and Maddison, Chris J and Guez, Arthur and Sifre, Laurent and Van Den Driessche, George and Schrittwieser, Julian and Antonoglou, Ioannis and Panneershelvam, Veda and Lanctot, Marc and others},
  journal={nature},
  volume={529},
  number={7587},
  pages={484--489},
  year={2016},
  publisher={Nature Publishing Group}
}

@article{lecun2015deep,
  title={Deep learning},
  author={LeCun, Yann and Bengio, Yoshua and Hinton, Geoffrey},
  journal={nature},
  volume={521},
  number={7553},
  pages={436--444},
  year={2015},
  publisher={Nature Publishing Group}
}

@article{goodfellow2014generative,
  title={Generative adversarial nets},
  author={Goodfellow, Ian and Pouget-Abadie, Jean and Mirza, Mehdi and Xu, Bing and Warde-Farley, David and Ozair, Sherjil and Courville, Aaron and Bengio, Yoshua},
  journal={Advances in neural information processing systems},
  volume={27},
  year={2014}
}

@article{kingma2013auto,
  title={Auto-encoding variational bayes},
  author={Kingma, Diederik P and Welling, Max},
  journal={arXiv preprint arXiv:1312.6114},
  year={2013}
}